<?xml version="1.0" encoding="UTF-8"?><collection xmlns="http://www.loc.gov/MARC21/slim"><record><leader>00596nam--2200193-i-4500</leader><controlfield tag="001">000005456</controlfield><controlfield tag="002">20161230</controlfield><controlfield tag="005">20161230201026</controlfield><controlfield tag="008">060222s1000------------r-----000-0-eng-d</controlfield><datafield ind1=" " ind2=" " tag="040"><subfield code="a">IFIN-HH</subfield></datafield><datafield ind1="1" ind2=" " tag="100"><subfield code="a">Wadsworth, G.P</subfield></datafield><datafield ind1="1" ind2="0" tag="245"><subfield code="a">Introduction to probability and random variables</subfield><subfield code="c">George P. Wadsworth; Joseph G. Bryan</subfield></datafield><datafield ind1=" " ind2=" " tag="260"><subfield code="a">New York, Mcgraw-hill Book Co, Inc., 1960</subfield></datafield><datafield ind1=" " ind2=" " tag="300"><subfield code="a">VII + 292 P</subfield></datafield><datafield ind1=" " ind2="0" tag="490"><subfield code="a">Mcgraw-hill Series In Probability And Statistics</subfield></datafield><datafield ind1=" " ind2="0" tag="650"><subfield code="a">Probabilities</subfield></datafield><datafield ind1="1" ind2=" " tag="700"><subfield code="a">Bryan, J.G</subfield><subfield code="e">Joint author</subfield></datafield><datafield ind1=" " ind2=" " tag="852"><subfield code="a">16165</subfield><subfield code="c">519.2</subfield></datafield><datafield ind1=" " ind2=" " tag="CAT"><subfield code="a">Sys</subfield><subfield code="c">20100518</subfield><subfield code="h">133034</subfield></datafield></record></collection>